<record><leader>00000cas a22000007a 4500</leader><controlfield tag="001">19676074</controlfield><controlfield tag="008">890508d18881888moucr ne      0    0eng d</controlfield><datafield ind1=" " ind2=" " tag="010"><subfield code="a">sn 89066550 </subfield></datafield><datafield ind1=" " ind2=" " tag="040"><subfield code="a">MQN</subfield><subfield code="b">eng</subfield><subfield code="c">MQN</subfield><subfield code="d">OCLCQ</subfield></datafield><datafield ind1=" " ind2=" " tag="042"><subfield code="a">msc</subfield></datafield><datafield ind1="0" ind2=" " tag="130"><subfield code="a">Semi-weekly republican (California, Mo.)</subfield></datafield><datafield ind1="1" ind2="0" tag="245"><subfield code="a">Semi-weekly republican.</subfield></datafield><datafield ind1=" " ind2=" " tag="260"><subfield code="a">California, Mo. :</subfield><subfield code="b">C.L. Phifer,</subfield><subfield code="c">1888.</subfield></datafield><datafield ind1=" " ind2=" " tag="300"><subfield code="a">v.</subfield></datafield><datafield ind1=" " ind2=" " tag="310"><subfield code="a">Semiweekly</subfield></datafield><datafield ind1="1" ind2=" " tag="362"><subfield code="a">Began in 1888.</subfield></datafield><datafield ind1="0" ind2=" " tag="362"><subfield code="a">-v. 1, no. 40 (Dec. 1, 1888).</subfield></datafield><datafield ind1=" " ind2=" " tag="500"><subfield code="a">"A campaign paper."</subfield></datafield><datafield ind1=" " ind2=" " tag="588"><subfield code="a">Description based on: Vol. 1, no. 13 (Sept. 1, 1888).</subfield></datafield><datafield ind1=" " ind2=" " tag="752"><subfield code="a">United States</subfield><subfield code="b">Missouri</subfield><subfield code="c">Moniteau</subfield><subfield code="d">California.</subfield></datafield><datafield ind1="1" ind2=" " tag="029"><subfield code="a">AU@</subfield><subfield code="b">000025866710</subfield></datafield></record>